% Encoding: UTF-8

@Article{tbboxdiagrams,
  author = {L.BergstroÂ¨m, T. Bringmann, M. Eriksson and M.Gustafsson},
  title  = Two photon annihilation of Kaluza-Klein dark matter},
  year   = {2005},
}

@Article{1012,
  author = {Junji Hisano and Koji Ishiwata3 Natsumi Nagata and and Masato Yamanaka},
  title  = { Direct Detection of Vector Dark Matter},
  year   = {2015},
}

@Article{microomega,
  author = {G.Belanger, F.Boudjema, A.Pukhov and A.Semenov},
  title  = {Dark Matter direct detction rates in a generic model with micrOMEGA_2.2},
  year   = {2008},
}

@Article{thermal,
  author = {T. Bringmann, S. Hofmann},
  title  = {Thermal decoupling of WIMPs from first principles},
  year   = {2016},
}

@article{qcont,
  title={Nucleon sigma term and strange quark content from lattice QCD with exact chiral symmetry},
  author={Ohki, H and Fukaya, Hidenori and Hashimoto, S and Kaneko, T and Matsufuru, H and Noaki, J and Onogi, T and Shintani, E and Yamada, N and JLQCD Collaboration and others},
  journal={Physical Review D},
  volume={78},
  number={5},
  pages={054502},
  year={2008},
  publisher={APS}
}

@article{PV,
  title={One-loop corrections for e+ e- annihilation into $\mu$+ $\mu$- in the Weinberg model},
  author={Passarino, Giampiero and Veltman, Martinus},
  journal={Nuclear Physics B},
  volume={160},
  number={1},
  pages={151--207},
  year={1979},
  publisher={Elsevier}
}


@article{sdcont,
  title={A new measurement of the spin-dependent structure function g1 (x) of the deuteron},
  author={Adams, D and Adeva, B and Arik, E and Arvidson, A and Badelek, B and Ballintijn, MK and Bardin, G and Baum, Guenter and Berglund, P and Betev, L and others},
  journal={Physics Letters B},
  volume={357},
  number={1-2},
  pages={248--254},
  year={1995},
  publisher={Elsevier}
}

@article{kaluza,
  title={Zum unit{\"a}tsproblem der physik},
  author={Kaluza, Th},
  journal={Int. J. Mod. Phys.},
  volume={1921},
  number={arXiv: 1803.08616},
  pages={1870001},
  year={1921}
}

@book{bringmann2005cosmological,
  title={Cosmological aspects of universal extra dimensions},
  author={Bringmann, Torsten},
  year={2005}
}

@article{freitas2018radiative,
  title={Radiative corrections to masses and couplings in universal extra dimensions},
  author={Freitas, Ayres and Kong, Kyoungchul and Wiegand, Daniel},
  journal={Journal of High Energy Physics},
  volume={2018},
  number={3},
  pages={93},
  year={2018},
  publisher={Springer}
}


@article{edsjo1997aspects,
  title={Aspects of neutrino detection of neutralino dark matter},
  author={Edsjo, Joakim},
  journal={arXiv preprint hep-ph/9704384},
  year={1997}
}

@article{cerdeno2010direct,
  title={Direct detection of WIMPs},
  author={Cerdeno, David G and Green, Anne M},
  journal={arXiv preprint arXiv:1002.1912},
  year={2010}
}

@article{barger2008spin,
  title={Spin dependence of dark matter scattering},
  author={Barger, Vernon and Keung, Wai-Yee and Shaughnessy, Gabe},
  journal={Physical Review D},
  volume={78},
  number={5},
  pages={056007},
  year={2008},
  publisher={APS}
}

@article{jungman1996supersymmetric,
  title={Supersymmetric dark matter},
  author={Jungman, Gerard and Kamionkowski, Marc and Griest, Kim},
  journal={Physics Reports},
  volume={267},
  number={5-6},
  pages={195--373},
  year={1996},
  publisher={Elsevier}
}


@article{armour2004analytic,
  title={Analytic Parameterizations of Parton Distribution Functions},
  author={Armour, Kyle and Bowen, Matt and Ellis, Steve and Strassler, Matt},
  journal={unpublished work},
  year={2004}
}

@article{fan2010non,
  title={Non-relativistic effective theory of dark matter direct detection},
  author={Fan, JiJi and Reece, Matthew and Wang, Lian-Tao},
  journal={Journal of Cosmology and Astroparticle Physics},
  volume={2010},
  number={11},
  pages={042},
  year={2010},
  publisher={IOP Publishing}
}

@article{servant2002elastic,
  title={Elastic scattering and direct detection of Kaluza-Klein dark matter},
  author={Servant, Geraldine and Tait, Tim MP},
  journal={New Journal of Physics},
  volume={4},
  number={1},
  pages={99},
  year={2002},
  publisher={IOP Publishing}
}

@article{hisano2010gluon,
  title={Gluon contribution to dark matter direct detection},
  author={Hisano, Junji and Ishiwata, Koji and Nagata, Natsumi},
  journal={Physical Review D},
  volume={82},
  number={11},
  pages={115007},
  year={2010},
  publisher={APS}
}

@article{hisano2011direct,
  title={Direct detection of vector dark matter},
  author={Hisano, Junji and Ishiwata, Koji and Nagata, Natsumi and Yamanaka, Masato},
  journal={Progress of Theoretical Physics},
  volume={126},
  number={3},
  pages={435--456},
  year={2011},
  publisher={Oxford University Press}
}

@article{fitzpatrick2013effective,
  title={The effective field theory of dark matter direct detection},
  author={Fitzpatrick, A Liam and Haxton, Wick and Katz, Emanuel and Lubbers, Nicholas and Xu, Yiming},
  journal={Journal of Cosmology and Astroparticle Physics},
  volume={2013},
  number={02},
  pages={004},
  year={2013},
  publisher={IOP Publishing}
}
@article{liu2017current,
  title={Current status of direct dark matter detection experiments},
  author={Liu, Jianglai and Chen, Xun and Ji, Xiangdong},
  journal={Nature Physics},
  volume={13},
  number={3},
  pages={212--216},
  year={2017},
  publisher={Nature Publishing Group}
}

article{shifman1978remarks,
  title={Remarks on Higgs-boson interactions with nucleons},
  author={Shifman, Mikhail A and Vainshtein, Arkady I and Zakharov, Valentin I},
  journal={Physics Letters B},
  volume={78},
  number={4},
  pages={443--446},
  year={1978},
  publisher={Elsevier}
}

@article{young2010octet,
  title={Octet baryon masses and sigma terms from an SU (3) chiral extrapolation},
  author={Young, RD and Thomas, AW},
  journal={Physical Review D},
  volume={81},
  number={1},
  pages={014503},
  year={2010},
  publisher={APS}
}


@article{lhcbound,
      author         = "Beuria, Jyotiranjan and Datta, AseshKrishna and Debnath,
                        Dipsikha and Matchev, Konstantin T.",
      title          = "{LHC Collider Phenomenology of Minimal Universal Extra
                        Dimensions}",
      journal        = "Comput. Phys. Commun.",
      volume         = "226",
      year           = "2018",
      pages          = "187-205",
      doi            = "10.1016/j.cpc.2017.12.021",
      eprint         = "1702.00413",
      archivePrefix  = "arXiv",
      primaryClass   = "hep-ph",
      SLACcitation   = "%%CITATION = ARXIV:1702.00413;%%"
}

@mastersthesis{jacobsen2019relic,
  title={Relic Density of Kaluza-Klein Dark Matter},
  author={Jacobsen, Sunniva},
  year={2019}
}
@article{klein,
  title={Quantentheorie und f{\"u}nfdimensionale Relativit{\"a}tstheorie},
  author={Klein, Oskar},
  journal={Zeitschrift f{\"u}r Physik},
  volume={37},
  number={12},
  pages={895--906},
  year={1926},
  publisher={Springer}
}

@article{oldcorrections,
  title={Radiative corrections to Kaluza-Klein masses},
  author={Cheng, Hsin-Chia and Matchev, Konstantin T and Schmaltz, Martin},
  journal={Physical Review D},
  volume={66},
  number={3},
  pages={036005},
  year={2002},
  publisher={APS}
}

@misc{wpd,
  title={WebPlotDigitizer 4.2},
  author={Rohatgi, Ankit},
  year={2019},
  publisher={San Francisco, California, USA}
}

@book{peskin+shroder,
  title={An introduction to quantum field theory},
  author={M.Peskin and D.Schroeder},
  year={1995},
  publisher={Westview Press}
}

@article{rubin1970rotation,
  title={Rotation of the Andromeda nebula from a spectroscopic survey of emission regions},
  author={Rubin, Vera C and Ford Jr, W Kent},
  journal={The Astrophysical Journal},
  volume={159},
  pages={379},
  year={1970}
}

@article{planckresults,
  title={Planck 2018 results.},
  author={Aghanim, N and Akrami, Yashar and Ashdown, M and Aumont, J and Baccigalupi, C and Ballardini, M and Banday, AJ and Barreiro, RB and Bartolo, N and Basak, S and others},
  journal={arXiv preprint arXiv:1807.06209},
  year={2018}
}


@inproceedings{ddexperiment,
  title={Latest results from the XENON1T experiment},
  author={Benabderrahmane, ML},
  booktitle={Journal of Physics: Conference Series},
  volume={1258},
  number={1},
  pages={012009},
  year={2019},
  organization={IOP Publishing}
}
@article{sdbound,
  title={Dark matter search results from the PICO-60 CF 3 I bubble chamber},
  author={Amole, C and Ardid, M and Asner, David M and Baxter, D and Behnke, E and Bhattacharjee, P and Borsodi, H and Bou-Cabo, Manuel and Brice, SJ and Broemmelsiek, D and others},
  journal={Physical Review D},
  volume={93},
  number={5},
  pages={052014},
  year={2016},
  publisher={APS}
}